<?xml version="1.0" encoding="UTF-8"?><collection xmlns="http://www.loc.gov/MARC21/slim"><record><leader>00612nam--2200229-u-4500</leader><controlfield tag="001">000050595</controlfield><controlfield tag="002">20161230</controlfield><controlfield tag="005">20161230201048</controlfield><controlfield tag="008">070926s1000------------r-----000-0-eng-d</controlfield><datafield ind1=" " ind2=" " tag="020"><subfield code="a">981-02-0412-4</subfield></datafield><datafield ind1=" " ind2=" " tag="040"><subfield code="a">IFIN-HH</subfield></datafield><datafield ind1=" " ind2=" " tag="041"><subfield code="a">eng</subfield></datafield><datafield ind1=" " ind2=" " tag="080"><subfield code="a">519.17:530</subfield></datafield><datafield ind1="1" ind2=" " tag="100"><subfield code="a">Danos, Michael</subfield></datafield><datafield ind1="1" ind2="0" tag="245"><subfield code="a">Angular Momentum Calculus in Quantum Physics</subfield><subfield code="c">Michael Danos, Vincent Gillet</subfield></datafield><datafield ind1=" " ind2=" " tag="260"><subfield code="a">Singapore</subfield><subfield code="b">World Scientific</subfield><subfield code="c">1990</subfield></datafield><datafield ind1=" " ind2=" " tag="300"><subfield code="a">163 p</subfield></datafield><datafield ind1=" " ind2=" " tag="504"><subfield code="a">Includes Index</subfield></datafield><datafield ind1=" " ind2="4" tag="650"><subfield code="a">The Graphical Method</subfield></datafield><datafield ind1=" " ind2=" " tag="700"><subfield code="a">Gillet, Vincent</subfield></datafield><datafield ind1=" " ind2=" " tag="852"><subfield code="a">81899</subfield><subfield code="c">519.2</subfield></datafield><datafield ind1=" " ind2=" " tag="CAT"><subfield code="a">Sys</subfield><subfield code="c">20100621</subfield><subfield code="h">134825</subfield></datafield></record></collection>